<mx:record xmlns="http://www.w3.org/TR/xhtml1/strict" xmlns:mx="http://www.loc.gov/MARC21/slim" xmlns:xsi="http://www.w3.org/2001/XMLSchema-instance"><mx:leader>00000cz   2200000n  0000</mx:leader><mx:controlfield tag="001">oca02204369 </mx:controlfield><mx:controlfield tag="005">20050104083823.0</mx:controlfield><mx:controlfield tag="008">880216n| acannaab           |a aaa      </mx:controlfield><mx:datafield ind1=" " ind2=" " tag="010"><mx:subfield code="a">n  88020705</mx:subfield></mx:datafield><mx:datafield ind1=" " ind2=" " tag="040"><mx:subfield code="a">DLC</mx:subfield><mx:subfield code="c">DLC</mx:subfield><mx:subfield code="d">DLC</mx:subfield></mx:datafield><mx:datafield ind1="0" ind2=" " tag="100"><mx:subfield code="a">Oppian,</mx:subfield><mx:subfield code="d">fl. 2nd cent.</mx:subfield></mx:datafield><mx:datafield ind1="0" ind2=" " tag="400"><mx:subfield code="a">Oppianos,</mx:subfield><mx:subfield code="d">fl. 2nd cent.</mx:subfield></mx:datafield><mx:datafield ind1="0" ind2=" " tag="400"><mx:subfield code="a">Oppianus,</mx:subfield><mx:subfield code="d">fl. 2nd cent.</mx:subfield></mx:datafield><mx:datafield ind1="0" ind2=" " tag="400"><mx:subfield code="a">Oppian,</mx:subfield><mx:subfield code="c">of Corycus,</mx:subfield><mx:subfield code="d">fl. 2nd cent.</mx:subfield></mx:datafield><mx:datafield ind1="0" ind2=" " tag="400"><mx:subfield code="a">Oppian,</mx:subfield><mx:subfield code="c">of Anabarzus,</mx:subfield><mx:subfield code="d">fl. 2nd cent.</mx:subfield></mx:datafield><mx:datafield ind1="0" ind2=" " tag="400"><mx:subfield code="a">Oppian,</mx:subfield><mx:subfield code="c">of Cilicia,</mx:subfield><mx:subfield code="d">fl. 2nd cent.</mx:subfield></mx:datafield><mx:datafield ind1=" " ind2=" " tag="670"><mx:subfield code="a">Fajen, F. Handschriftliche Überlieferung und sogennante Euteknios-Paraphrase der Halieutika des Oppian, 1979:</mx:subfield><mx:subfield code="b">t.p. (Oppian)</mx:subfield></mx:datafield><mx:datafield ind1=" " ind2=" " tag="670"><mx:subfield code="a">LC data base, 2-9-88</mx:subfield><mx:subfield code="b">(hdg.: Oppianus)</mx:subfield></mx:datafield><mx:datafield ind1=" " ind2=" " tag="670"><mx:subfield code="a">Brockh. Enzyklop.</mx:subfield><mx:subfield code="b">(Oppianus; 2nd cent. A.D.)</mx:subfield></mx:datafield><mx:datafield ind1=" " ind2=" " tag="670"><mx:subfield code="a">Smith, W. Classical dict. of Greek and Roman ... 1925</mx:subfield><mx:subfield code="b">(Oppianus; fl. about 180 A.D.)</mx:subfield></mx:datafield><mx:datafield ind1=" " ind2=" " tag="670"><mx:subfield code="a">Encyclo. Brit.</mx:subfield><mx:subfield code="b">(Oppian; of Corycus (or Anazarbus) in Cilica; fl. A.D. 161-180; wrote the Halieutica)</mx:subfield></mx:datafield><mx:datafield ind1=" " ind2=" " tag="670"><mx:subfield code="a">Megalē Hellēnikē enkykl.</mx:subfield><mx:subfield code="b">(Oppianos, Hellēn poiētēs, akmamasas deutero aiōna m. Ch)</mx:subfield></mx:datafield><mx:datafield ind1=" " ind2=" " tag="670"><mx:subfield code="a">1911 edition encyclopedia Web site, Dec. 8, 2003</mx:subfield><mx:subfield code="b">(Oppian; Oppian of Corycus (or Anabarzus) in Cilicia; flourished in the reign of Marcus Aurelius)</mx:subfield></mx:datafield><mx:datafield ind1=" " ind2=" " tag="670"><mx:subfield code="a">Oxford classical dict., 1996</mx:subfield><mx:subfield code="b">(Oppian of Cilicia; late 2nd cent. A.D.; wrote the Halieutica; Cynegetica is clearly not by him)</mx:subfield></mx:datafield><mx:datafield ind1=" " ind2=" " tag="999"><mx:subfield code="a">13879</mx:subfield></mx:datafield></mx:record>